3184 4942
293 399 381 470 6624
602 443 607 450 ·
638 415 748 467 norm
774 413 976 467 vnntonuu
1001 417 1040 466 ιιι

294 561 380 610 dinem
393 559 459 608 euim
470 559 579 622 deinceps
591 557 714 622 refertur,
723 559 822 620 signifi·
861 561 981 624 deinceps:
1000 567 1027 610 et
1051 560 1153 610 insenso
1170 558 1262 610 ordine
1282 563 1389 629 misem

294 643 389 700 estque
399 635 634 699 utquidgnuaum
646 633 711 684 tieri.
721 635 822 699 -ltsqso
860 637 916 686 inde
934 650 960 686 v.
975 640 1016 686 tt.
1033 635 1232 687 ‘Antecedente
1243 636 1312 688 famu
1323 653 1387 692 nnn·

294 714 333 763 sic
351 721 392 762 eet
407 710 583 760 restituendus
600 711 671 760 iocus
684 725 717 759 ex
733 713 822 760 arcite-
858 713 956 776 ciisque
978 712 1149 768 Clusinorum,
1177 712 1299 776 deinceps
1327 715 1387 766 inde

293 798 357 852 typo
380 788 527 837 Borbetom.
549 788 645 836 Fecere
665 790 749 838 deinde
766 789 822 842 dee,
858 787 966 836 aliorum
979 787 1140 850 populorum,
1154 786 1292 850 plurimum
1304 797 1386 840 terro-

292 866 399 927 uetueepe
410 863 726 925 eeliepaesmtrisqueduee't.
757 863 822 912 Seu·
858 863 892 910 ris
905 863 1012 912 Romam
1033 863 1153 913 eeleritss
1169 863 1387 914 hostiumteiite'

292 937 822 1000 suseet,prtuednetnmfcomcottegae,
858 938 902 988 ubi
930 939 988 989 vide
1020 955 1078 1004 qum
1106 945 1237 990 notentur.
1280 941 1386 994 Pariter

293 1026 424 1079 remquam
441 1015 569 1075 consulis3
587 1015 716 1076 posterius
732 1014 821 1064 fratris
856 1016 942 1064 deiude
957 1015 1065 1078 deimeps
1076 1017 1222 1080 junguntur
1239 1016 1309 1078 apud
1329 1018 1386 1068 Cic.

292 1090 457 1156 frenumque
475 1103 516 1139 res
533 1099 560 1140 et
578 1091 652 1140 Fabii
669 1091 820 1142 modestiam
857 1090 891 1139 de
915 1091 1000 1141 Dirin.
1011 1105 1039 1140 ιι.
1057 1095 1097 1140 ³⁰.
1115 1089 1236 1146 ‘Adiern
1257 1090 1385 1142 ernostum

292 1166 466 1217 commendat.
481 1166 578 1216 θῆαι.
588 1170 628 1214 37.
638 1167 820 1217 ‘sedantem
857 1168 992 1231 quemdem
1002 1168 1153 1216 morientem
1165 1180 1210 1216 sex
1220 1166 1385 1230 cunctosne·

291 1244 372 1295 dente
391 1244 460 1293 fame
477 1245 627 1308 nunciisque
647 1243 820 1299 Clusinorum,
857 1244 977 1305 minesec,
995 1250 1024 1292 et
1041 1242 1148 1304 dixisse,
1164 1241 1208 1305 qui
1225 1241 1322 1303 primns
1337 1255 1384 1295 eo·

291 1321 416 1385 deinceps
436 1321 498 1370 inde
525 1321 632 1369 eliorum
655 1320 820 1384 popniornm,
857 1331 922 1374 rum,
941 1318 985 1382 qui
997 1317 1135 1379 secundus,
1149 1317 1193 1382 qui
1205 1315 1384 1366 deindedcin-

291 1395 429 1458 piurimum
449 1396 557 1444 terroris
574 1396 681 1444 Romam
699 1395 819 1444 celeritas
856 1407 917 1456 ceps
929 1395 1069 1443 moriturus
1087 1394 1188 1442 essetr'
1204 1405 1281 1456 quem
1299 1394 1383 1443 iocum

289 1471 401 1520 nostium
425 1470 502 1520 tulit!
517 1493 522 1499 ·
536 1471 646 1521 Rursum
664 1471 756 1520 eodem
774 1470 819 1519 tte.
855 1477 929 1518 recte
940 1468 1063 1518 sdrereus
1079 1468 1106 1520 J.
1121 1467 1251 1517 uestrum
1264 1467 1384 1519 defendit

289 1561 314 1598 c·
323 1551 365 1597 41.
382 1546 537 1597 ‘Intuemini
555 1546 623 1594 enim
639 1546 730 1594 horum
747 1545 819 1596 dein·
855 1543 944 1594 'i'honn
956 1545 1089 1609 Wopkens
1100 1545 1384 1596 Lection'tutttmmu.

289 1638 352 1687 ceps
367 1637 490 1672 annorum
508 1621 549 1669 rei
567 1621 694 1670 secordes
709 1635 759 1676 res,
776 1620 819 1669 vei
855 1623 879 1668 4.
890 1620 1000 1685 siiisque
1018 1620 1141 1670 eimiiibua
1160 1621 1292 1671 Ciceronis
1309 1621 1383 1672 testi·

290 1697 430 1749 adversas?
462 1697 530 1747 item
551 1711 591 1748 vs.
609 1697 818 1760 5.‘1nterrepes
855 1697 946 1744 moniis
957 1697 1008 1745 rim
1018 1697 1178 1760 reideiucepe
1190 1697 1328 1748 inlustret:
1347 1698 1382 1748 de

289 1775 414 1838 deinceps
440 1775 480 1823 Μ.
496 1773 621 1822 Mentior
642 1773 817 1836 Cepitoiinns,
855 1785 905 1834 qua
916 1784 945 1820 re
957 1772 1016 1821 uide
1028 1772 1106 1822 etism
1118 1771 1145 1822 J.
1157 1772 1384 1824 interemtum.

287 1849 346 1899 Ser.
363 1849 497 1899 Cornelius
513 1848 673 1909 (isemerinus,
692 1849 721 1899 L.
740 1849 817 1898 Vate-
855 1857 947 1895 xxvtr.
958 1851 998 1896 49.
1008 1849 1064 1911 §oe
1088 1848 1173 1898 Etiam
1182 1852 1264 1911 pectre
1274 1849 1382 1912 deiecepe

287 1923 343 1973 rius
355 1923 476 1974 Potitus:
487 1924 529 1973 iric
537 1922 658 1986 demum‚'
669 1927 719 1972 dec.
739 1925 817 1974 Dein·
849 1920 944 1982 juncta
955 1921 1024 1972 inira
1034 1924 1175 1974 obcurmnt
1187 1935 1248 1973 xus.
1260 1929 1301 1974 14.
1312 1931 1320 1954 ’
1330 1925 1381 1974 Ρο-

287 2013 350 2061 cepe,
366 1999 393 2048 id
404 2008 453 2062 est,
470 1999 632 2063 quoduutgo
643 1999 734 2048 dicunt
750 1999 815 2048 eiius
854 1998 942 2060 pulum
954 1999 1097 2049 Romanum
1109 2001 1143 2050 ab
1160 2013 1201 2060 eo,
1216 2001 1285 2050 beiio
1301 2000 1383 2050 Puni·

286 2083 346 2138 post
356 2075 444 2137 utinm,
455 2082 483 2125 et
493 2075 648 2124 successive.
665 2074 743 2124 Rieu.
772 2075 816 2124 Νι
852 2088 894 2135 co,
906 2072 968 2124 furti
979 2074 1102 2140 fidelique
1118 2089 1199 2138 opera
1209 2075 1336 2139 adjutum,
1346 2082 1382 2126 et

284 2149 815 2216 aliquissuspicsretur,iuneeeiatsMsn-
852 2149 924 2200 iilum
933 2149 1381 2215 nveneepupotettommoregoum

285 2227 316 2275 nt
327 2228 440 2276 consutis
450 2240 481 2275 ac
497 2227 531 2278 Q.
549 2227 623 2276 Fabii
635 2227 710 2276 simut
727 2241 815 2276 scon·
852 2225 992 2291 adeptum:
1005 2228 1129 2293 equitate
1140 2242 1188 2278 sue
1201 2235 1291 2291 postea
1301 2228 1379 2279 trium

286 2303 340 2351 suie
351 2310 429 2366 etque
438 2302 532 2367 {equali
540 2303 637 2351 honore
648 2301 736 2364 ducts,
746 2301 815 2350 Rhe·
852 2316 941 2366 regum
953 2303 1027 2354 bellis
1040 2304 1164 2368 deinceps
1178 2305 1296 2356 omnibns
1304 2303 1379 2356 inno·

285 2391 366 2427 nsnus
378 2392 427 2427 non
443 2378 546 2441 poterit
561 2376 719 2427 eradendum
738 2390 814 2427 soca·
851 2387 905 2428 tum
918 2379 1029 2430 officiis-⁸
1059 2381 1181 2431 ‘Deinde
1196 2381 1304 2444 postea'
1322 2395 1380 2432 xus.

285 2453 373 2502 butum
383 2455 500 2516 ἀιίιαρι,
516 2453 585 2518 qnod
602 2454 718 2503 restitnit
728 2467 762 2502 ex
773 2469 814 2503 ar·
851 2458 892 2505 24.
910 2457 1019 2518 ‘Legati
1037 2456 1133 2506 deinde
1151 2465 1241 2521 postes
1256 2457 1327 2507 missi
1344 2458 1378 2508 ab

285 2528 399 2591 ciretypo
426 2529 577 2576 Borbetom.
609 2528 705 2577 Funera
730 2529 815 2579 cume
850 2545 922 2594 roge,
949 2547 1026 2596 quum
1052 2533 1211 2595 Megalopoli
1238 2533 1377 2584 concilium

284 2605 339 2665 dno,
355 2603 464 2665 deinceps
479 2603 574 2664 college
587 2603 723 2668 frete-isque
737 2606 812 2655 dnee't.
850 2605 936 2656 esset.’
968 2607 1376 2670 ‘Indepoetea'xmmwiiic

284 2677 399 2728 Nem-ri
414 2679 522 2740 deinceps
537 2679 570 2729 ad
581 2680 696 2729 ordinem
708 2679 813 2738 ret'erri,
849 2681 921 2744 prius
940 2683 972 2730 ad
991 2682 1164 2746 Amphipolim
1181 2697 1239 2732 cum
1255 2684 1377 2736 Chimaro

283 2754 431 2816 significans
441 2755 536 2819 aliquid
546 2756 673 2816 gradatim
685 2755 749 2804 fieri.
758 2757 810 2806 Sed
847 2755 957 2820 quodum
968 2757 1084 2820 populari
1100 2771 1156 2819 suo,
1167 2758 1294 2808 militante
1306 2760 1374 2824 apud

281 2838 340 2881 enm
353 2846 441 2881 vocem
460 2846 546 2896 neque
563 2832 614 2881 ullo
625 2833 738 2881 inmano
749 2845 811 2881 exa·
848 2831 1022 2888 Pcreea‚inde
1032 2841 1122 2894 postes
1132 2833 1163 2881 ed
1172 2832 1377 2892 Demetriadem,
1435 2841 1440 2846 ’

281 2914 339 2958 reto
350 2906 809 2972 codice,nequeeiterutrsed.inre·
848 2907 928 2956 senei
939 2921 996 2956 cum
1015 2908 1168 2956 Menecrate
1186 2909 1308 2970 quodem,
1327 2909 1375 2958 ite·

281 2987 318 3036 ni.
336 2986 413 3035 Gens.
446 2985 586 3036 (lodicibus
606 2983 749 3039 Gebhardi,
767 2999 811 3034 vo·
848 2997 973 3032 runrcum
990 2982 1152 3046 Antimacho,
1169 2983 1376 3047 regiisducibns,

281 3077 337 3111 eeru
364 3063 472 3125 deinceps
491 3060 676 3123 nescientibus,
701 3074 810 3111 consen·
846 3058 892 3107 sub
914 3059 978 3122 ipsis
995 3059 1121 3109 moenibns
1138 3060 1208 3109 urbis
1222 3061 1374 3111 conlocutus

281 3139 351 3185 ciunt
377 3137 451 3185 Voss.
479 3141 504 3186 2.
535 3137 611 3186 Heri.
632 3141 656 3185 2.
679 3137 808 3199 iipsiens.
846 3132 952 3184 suerat.'

282 3214 478 3261 (inerte-Pom.
495 3213 603 3262 etiier.
636 3213 809 3262 Contensem
844 3235 847 3242 v
879 3211 1089 3274 trementemque
1104 3211 1225 3274 losdeter]
1248 3213 1374 3264 Iasdw

279 3303 337 3337 curn
351 3287 499 3337 Borbetom.
518 3302 534 3336 ι
552 3287 678 3336 Rieeueno
692 3287 809 3349 isndato,
847 3287 921 3337 Heri.
931 3291 956 3337 2.
970 3287 1037 3337 Har.
1046 3289 1172 3351 Lipsiens.
1181 3289 1275 3339 [ratinii
1289 3291 1373 3356 Neap.

279 3365 325 3429 qni
345 3363 462 3412 esmdem
491 3372 584 3425 servet,
611 3361 713 3412 faciunt
742 3363 807 3414 Flor.
846 3370 873 3412 et
901 3365 1056 3415 vetustiores
1076 3365 1143 3429 typis
1163 3365 1260 3414 exenei-
1290 3364 1372 3416 Aldus

278 3443 354 3492 Voss.
383 3443 406 3489 1.
434 3439 509 3490 Leid.
537 3447 655 3503 uterque,
681 3439 756 3489 Harl.
783 3445 807 3490 1.
845 3440 939 3490 deinde
950 3443 1140 3490 iesdntorrecte
1151 3441 1242 3491 edidit.
1268 3441 1372 3493 indicet

275 3517 415 3568 Ktockian.
426 3525 454 3564 et
469 3515 579 3565 Hearnii
596 3515 684 3565 Onon.
701 3515 736 3565 N.
769 3515 807 3565 Ut
844 3516 923 3579 eninr,
943 3517 1050 3565 Febium
1060 3516 1191 3566 consulem
1202 3517 1319 3567 oratione
1329 3515 1371 3568 fn·

276 3597 365 3640 antem
384 3591 424 3639 nte
442 3591 527 3640 Mede
542 3590 660 3653 deinceps,
676 3591 714 3638 its
729 3589 805 3638 'inde
843 3591 915 3642 nebri
924 3602 951 3641 et
960 3593 1083 3656 collegam
1091 3593 1217 3642 Montium
1227 3599 1253 3641 et
1261 3589 1370 3644 tratrem

277 3664 418 3729 deinceps'
436 3667 584 3728 junguntur
603 3677 623 3713 ι.
641 3669 683 3713 44.
704 3664 806 3714 ‘Addit
843 3667 1115 3717 Resonemieudeese.
1149 3667 1370 3717 Pessimhocsen-

276 3745 341 3795 dnos
361 3745 450 3806 cuites,
465 3744 625 3795 Quirinsiem
639 3744 804 3795 viminalem·
842 3755 872 3791 su
891 3741 1032 3798 ‘laudern'
1050 3739 1202 3801 ιΙιιιιὶιιίο,ι
1219 3741 1370 3791 ‘landertun'

276 3836 343 3886 que:
356 3821 416 3869 iude
427 3820 552 3882 deinceps
567 3827 646 3882 suget
659 3819 805 3883 Esquilias!
842 3817 911 3867 Vide
923 3818 1014 3866 Deris.
1023 3816 1054 3864 ed
1068 3817 1124 3866 Cic.
1136 3814 1259 3866 Acedem.
1269 3817 1369 3868 Quem.

272 3895 311 3948 lit
329 3899 367 3948 ita
383 3897 444 3946 oiim
462 3895 596 3958 legebatur
610 3895 659 3944 hoe
673 3895 717 3944 tto.
728 3899 805 3947 cdo.
841 3907 861 3943 t.
882 3898 907 3943 2.
930 3893 1097 3943 Kircitmaun.
1119 3893 1199 3943 etism
1221 3895 1254 3943 ds
1276 3893 1369 3946 Funer.

273 3973 282 4000 ⁴
293 3973 394 4030 Victor,
405 3973 501 4036 inquit,
512 3971 550 4021 tt.
559 3969 632 4026 Febi,
643 3978 758 4020 reuertar
768 3985 802 4020 ex
842 3971 950 4020 Roman.
961 3983 993 4018 rr.
1007 3973 1047 4018 18.-
1068 3968 1179 4018 Guther.
1191 3969 1224 4018 de
1234 3968 1299 4019 Jure
1309 3969 1368 4019 Me·

274 4050 339 4100 acie.
380 4049 408 4099 Si
419 4048 602 4110 intinctorum
613 4053 725 4111 patrem,
735 4047 801 4096 Gre-
840 4045 909 4094 nium
930 4057 950 4094 ι.
965 4047 1006 4094 24.
1024 4051 1051 4094 et
1069 4045 1219 4094 Rhenanum
1237 4043 1368 4094 inirehoc

272 4127 414 4190 dirumque
437 4125 559 4182 Martem,
580 4123 695 4188 siiosqne
722 4124 802 4173 irntos
839 4119 885 4168 lib.
896 4120 928 4168 sd
946 4135 969 4168 c.
980 4123 1021 4168 ol.
1038 4120 1087 4182 §n
1120 4119 1241 4168 Cererem
1258 4118 1301 4167 hic
1318 4120 1366 4168 ite-

272 4201 466 4251 inrocetDeos.
501 4201 567 4249 Inde
584 4200 708 4262 deinceps
718 4201 801 4248 omnis
839 4209 894 4244 rum
913 4195 1012 4244 bivium
1029 4195 1098 4243 inter
1112 4203 1140 4242 et
1153 4193 1305 4256 Dionysium
1316 4209 1366 4244 non

272 4277 404 4326 exereitus
420 4277 447 4325 in
464 4290 492 4324 se
508 4277 617 4340 quisquc
630 4272 738 4338 juretz'
755 4274 800 4324 nbi
838 4272 969 4320 convenit.
1003 4270 1100 4318 Narret
1128 4269 1196 4317 enim
1222 4269 1366 4332 Dionysius

272 4359 359 4402 tamen
382 4361 474 4416 postea
497 4352 592 4402 rectius
613 4351 712 4402 editum
733 4351 801 4401 tuen
838 4359 881 4398 rx.
902 4349 959 4396 cto.
991 4343 1100 4395 Fabium
1120 4341 1218 4394 duobus
1232 4345 1365 4396 mensibus
